@article{harvest,
  author        = {Julien P{\'{e}}rolat and
               Joel Z. Leibo and
               Vin{\'{\i}}cius Flores Zambaldi and
               Charles Beattie and
               Karl Tuyls and
               Thore Graepel},
  title         = {A multi-agent reinforcement learning model of common-pool resource appropriation},
  journal       = {CoRR},
  volume        = {abs/1707.06600},
  year          = {2017},
  url           = {http://arxiv.org/abs/1707.06600},
  archiveprefix = {arXiv},
  eprint        = {1707.06600},
  timestamp     = {Mon, 13 Aug 2018 16:47:42 +0200},
  biburl        = {https://dblp.org/rec/journals/corr/PerolatLZBTG17.bib},
  bibsource     = {dblp computer science bibliography, https://dblp.org}
}

@inproceedings{reinforce,
  author    = {Sutton, Richard S and McAllester, David and Singh, Satinder and Mansour, Yishay},
  booktitle = {Advances in Neural Information Processing Systems},
  editor    = {S. Solla and T. Leen and K. M\"{u}ller},
  pages     = {},
  publisher = {MIT Press},
  title     = {Policy Gradient Methods for Reinforcement Learning with Function Approximation},
  url       = {https://proceedings.neurips.cc/paper/1999/file/464d828b85b0bed98e80ade0a5c43b0f-Paper.pdf},
  volume    = {12},
  year      = {2000}
}

@article{ppo,
  author        = {John Schulman and
               Filip Wolski and
               Prafulla Dhariwal and
               Alec Radford and
               Oleg Klimov},
  title         = {Proximal Policy Optimization Algorithms},
  journal       = {CoRR},
  volume        = {abs/1707.06347},
  year          = {2017},
  url           = {http://arxiv.org/abs/1707.06347},
  archiveprefix = {arXiv},
  eprint        = {1707.06347},
  timestamp     = {Mon, 13 Aug 2018 16:47:34 +0200},
  biburl        = {https://dblp.org/rec/journals/corr/SchulmanWDRK17.bib},
  bibsource     = {dblp computer science bibliography, https://dblp.org}
}

@article{trpo,
  author        = {John Schulman and
               Sergey Levine and
               Philipp Moritz and
               Michael I. Jordan and
               Pieter Abbeel},
  title         = {Trust Region Policy Optimization},
  journal       = {CoRR},
  volume        = {abs/1502.05477},
  year          = {2015},
  url           = {http://arxiv.org/abs/1502.05477},
  archiveprefix = {arXiv},
  eprint        = {1502.05477},
  timestamp     = {Mon, 13 Aug 2018 16:48:08 +0200},
  biburl        = {https://dblp.org/rec/journals/corr/SchulmanLMJA15.bib},
  bibsource     = {dblp computer science bibliography, https://dblp.org}
}

@article{dqn,
  author        = {Volodymyr Mnih and
               Koray Kavukcuoglu and
               David Silver and
               Alex Graves and
               Ioannis Antonoglou and
               Daan Wierstra and
               Martin A. Riedmiller},
  title         = {Playing Atari with Deep Reinforcement Learning},
  journal       = {CoRR},
  volume        = {abs/1312.5602},
  year          = {2013},
  url           = {http://arxiv.org/abs/1312.5602},
  archiveprefix = {arXiv},
  eprint        = {1312.5602},
  timestamp     = {Mon, 13 Aug 2018 16:47:42 +0200},
  biburl        = {https://dblp.org/rec/journals/corr/MnihKSGAWR13.bib},
  bibsource     = {dblp computer science bibliography, https://dblp.org}
}

@article{dueling-dqn,
  author        = {Ziyu Wang and
               Nando de Freitas and
               Marc Lanctot},
  title         = {Dueling Network Architectures for Deep Reinforcement Learning},
  journal       = {CoRR},
  volume        = {abs/1511.06581},
  year          = {2015},
  url           = {http://arxiv.org/abs/1511.06581},
  archiveprefix = {arXiv},
  eprint        = {1511.06581},
  timestamp     = {Mon, 13 Aug 2018 16:48:17 +0200},
  biburl        = {https://dblp.org/rec/journals/corr/WangFL15.bib},
  bibsource     = {dblp computer science bibliography, https://dblp.org}
}

@article{double-dqn,
  author        = {Hado van Hasselt and
               Arthur Guez and
               David Silver},
  title         = {Deep Reinforcement Learning with Double Q-learning},
  journal       = {CoRR},
  volume        = {abs/1509.06461},
  year          = {2015},
  url           = {http://arxiv.org/abs/1509.06461},
  archiveprefix = {arXiv},
  eprint        = {1509.06461},
  timestamp     = {Mon, 13 Aug 2018 16:47:32 +0200},
  biburl        = {https://dblp.org/rec/journals/corr/HasseltGS15.bib},
  bibsource     = {dblp computer science bibliography, https://dblp.org}
}

@article{social-learning,
  author        = {Paul Chelarescu},
  title         = {Deception in Social Learning: {A} Multi-Agent Reinforcement Learning
               Perspective},
  journal       = {CoRR},
  volume        = {abs/2106.05402},
  year          = {2021},
  url           = {https://arxiv.org/abs/2106.05402},
  archiveprefix = {arXiv},
  eprint        = {2106.05402},
  timestamp     = {Tue, 15 Jun 2021 16:35:15 +0200},
  biburl        = {https://dblp.org/rec/journals/corr/abs-2106-05402.bib},
  bibsource     = {dblp computer science bibliography, https://dblp.org}
}

@inproceedings{gifting,
  title     = {Gifting in Multi-Agent Reinforcement Learning},
  author    = {A. Lupu and Doina Precup},
  booktitle = {AAMAS},
  year      = {2020}
}

@article{sequential-social-dilemmas,
  author        = {Joel Z. Leibo and
               Vin{\'{\i}}cius Flores Zambaldi and
               Marc Lanctot and
               Janusz Marecki and
               Thore Graepel},
  title         = {Multi-agent Reinforcement Learning in Sequential Social Dilemmas},
  journal       = {CoRR},
  volume        = {abs/1702.03037},
  year          = {2017},
  url           = {http://arxiv.org/abs/1702.03037},
  archiveprefix = {arXiv},
  eprint        = {1702.03037},
  timestamp     = {Mon, 13 Aug 2018 16:46:10 +0200},
  biburl        = {https://dblp.org/rec/journals/corr/LeiboZLMG17.bib},
  bibsource     = {dblp computer science bibliography, https://dblp.org}
}

@article{rllib,
  author        = {Eric Liang and
               Richard Liaw and
               Robert Nishihara and
               Philipp Moritz and
               Roy Fox and
               Joseph Gonzalez and
               Ken Goldberg and
               Ion Stoica},
  title         = {Ray RLLib: {A} Composable and Scalable Reinforcement Learning Library},
  journal       = {CoRR},
  volume        = {abs/1712.09381},
  year          = {2017},
  url           = {http://arxiv.org/abs/1712.09381},
  archiveprefix = {arXiv},
  eprint        = {1712.09381},
  timestamp     = {Thu, 30 Apr 2020 14:45:00 +0200},
  biburl        = {https://dblp.org/rec/journals/corr/abs-1712-09381.bib},
  bibsource     = {dblp computer science bibliography, https://dblp.org}
}

@misc{wandb,
  title  = {Experiment Tracking with Weights and Biases},
  year   = {2020},
  note   = {Software available from wandb.com},
  url    = {https://www.wandb.com/},
  author = {Biewald, Lukas}
}

@article{gym,
  author        = {Greg Brockman and
               Vicki Cheung and
               Ludwig Pettersson and
               Jonas Schneider and
               John Schulman and
               Jie Tang and
               Wojciech Zaremba},
  title         = {OpenAI Gym},
  journal       = {CoRR},
  volume        = {abs/1606.01540},
  year          = {2016},
  url           = {http://arxiv.org/abs/1606.01540},
  archiveprefix = {arXiv},
  eprint        = {1606.01540},
  timestamp     = {Fri, 08 Nov 2019 12:51:06 +0100},
  biburl        = {https://dblp.org/rec/journals/corr/BrockmanCPSSTZ16.bib},
  bibsource     = {dblp computer science bibliography, https://dblp.org}
}
