@article{harvest,
  author        = {Julien P{\'{e}}rolat and
               Joel Z. Leibo and
               Vin{\'{\i}}cius Flores Zambaldi and
               Charles Beattie and
               Karl Tuyls and
               Thore Graepel},
  title         = {A multi-agent reinforcement learning model of common-pool resource appropriation},
  journal       = {CoRR},
  volume        = {abs/1707.06600},
  year          = {2017},
  url           = {http://arxiv.org/abs/1707.06600},
  archiveprefix = {arXiv},
  eprint        = {1707.06600},
  timestamp     = {Mon, 13 Aug 2018 16:47:42 +0200},
  biburl        = {https://dblp.org/rec/journals/corr/PerolatLZBTG17.bib},
  bibsource     = {dblp computer science bibliography, https://dblp.org}
}


@inproceedings{gifting,
  title     = {Gifting in Multi-Agent Reinforcement Learning},
  author    = {A. Lupu and Doina Precup},
  booktitle = {AAMAS},
  year      = {2020}
}
